@string{icfp = "{Proc.} {ACM International Conference on Functional Programming}"}
@string{jfp = "{Journal} of {Functional} {Programming}"}
@STRING{hosc="Higher-Order and Symbolic Computation"}
@STRING{oopsla="Proc. {ACM} Conference on Object-Oriented Programming, Systems, Languages, and
		  Applications"}
@STRING{popl="Proc. {ACM} Symposium on Principles of Programming Languages"}

@STRING{schemew="Proc. Scheme and Functional Programming Workshop"}
@STRING{gpce="Proc. Generative Programming and Component Engineering"}
@string{aplas="Asian Sym. on Programming Languages and Systems"}
@STRING{gpce="Proc. Symposium on Generative and Component-Based Software Engineering"}
@STRING{pldi="Proc. {ACM} {Conference} on {Programming} {Language} {Design} and {Implementation}"}

@article{tickc:toplas,
  title = {{`C} and {tcc}: A language and compiler for dynamic code generation},
  author = {Massimiliano Poletto and Wilson C. Hsieh and Dawson R. Engler and M.
Frans Kaashoek},
  journal = {{ACM} Transactions on Programming Languages and Systems},
  volume = {21},
  number = {2},
  year = {1999},
  month = {March},
  pages = {324--369},
}

@inproceedings{runtime-generation-c,
  author="Charles Consel and {Fran\c{}ois} {No\"{e}l}",
  title="A general approach for run-time specialization and its application to C",
  booktitle="Symposium on Principles of Programming Languages",
  year=1996
}

@inproceedings{multistageprogramming,
  author="Walid Taha and Zine-El-Abidine Benaissa and Tim Sheard",
  title="Multi-stage programming: Axiomatization and type-safety.",
  year=1998,
 booktitle="International Colloquium on Automata, Languages, and Programming"
}

@inproceedings{efficient-program-specialization,
  author="Robert {Gl\"{u}ck} and Jesper {J\o{}rgensen}",
  title="Efficient multi-level generating extensions for program specialization",
  year=1995,
  booktitle="Programming Languages: Implementations, Logics and Programs",
  note="LNCS 982"
}
                  
@inproceedings{frp,
  author="Conal Elliott and Paul Hudak",
  title="Functional Reactive Animation",
  year=1997,
  booktitle=icfp
}

@article{Belknap2008,
  title="Application of Software Design Principles and Debugging Methods to an Analgesia Prescription Reduces Risk of Severe Injury From Medical Use of Opioids",
  author="S. M. Belknap and H. Moore and S. A. Lanzotti and P. R. Yarnold and M. Getz and D. L. Deitrick and A. Peterson and J. Akeson and T. Maurer and R. C. Soltysik and G. A. Storm and I. Brooks",
  year=2008,
  journal="Clinical Pharmacology {\&} Therapeutics",
  volume=84
}

@article{guarded-commands,
 author="Edsgar W. Dijkstra",
 title="Guarded Commands, Nondeterminacy and Formal Derivation of Programs",
 journal="Communications of the {ACM}",
 year=1975,
 volume=18,
 number=8
}

@unpublished{kasparov,
  title="The Chess Master and the Computer",
  author="Garry Kasparov",
  note="\url{http://www.nybooks.com/articles/archives/2010/feb/11/the-chess-master-and-the-computer/}",
  year=2010
}

@article{boehm:spiral,
  author="Barry Boehm",
  title="A Spiral Model of Software Development and Enhancement", 
  journal="{ACM SIGSOFT Software Engineering Notes}",
  volume=11,
  number=4,
  year=1986
}

@inproceedings{aop,
 author="Kiczales, Gregor and John Lamping and Anurag Mendhekar and Chris Maeda and Cristina Lopes and Jean-Marc Loingtier and John Irwin",
 year=1997,
 title="Aspect-Oriented Programming",
 booktitle="European Conference on Object-Oriented Programming",
 note="LNCS 1241"
}

@book{jvm,
  title="The {Java$^\textrm{\textsc{tm}}$} Virtual Machine Specification",
  year=1996,
  author="Tim Lindholm and Frank Yellin",
  publisher="Sun Microsystems, Inc."
}
                  
@book{clr,
  title="The Common Language Infrastructure Annotated Standard",
  author="James S. Miller and Susann Ragsdale",
  year=2003,
  publisher="Addison-Wesley Professional"
}

@article{Singh2009,
  author="Singh, H. and Mani, S. and Espadas, D. and Petersen, N and Franklin, V. and Petersen, L. A.",
  title="Prescription errors and outcomes related to inconsistent information transmitted through computerized order entry: a prospective study",
  journal={Arch Intern Med.},
  volume=169,
  number=10,
  pages="982--989",
  year=2009}

@article{Koppel2005,
  author="Koppel, R. and Metlay Cohen and Brian Abaluck and Russell Localio and Stephen E. Kimmel and Brian L. Strom",
  title="Role of Computerized Physician Order Entry Systems in Facilitating Medication Errors",
  journal="JAMA",
  year=2005,
  volume=293,
  pages="1197--1203"
}

@article{HaynesGawande2009,
  author="Haynes, A. B. and Weiser, T. G. and Berry, W. R. and Lipsitz, S. R. and Breizat, A. H. and Dellinger, E. P. and Herbosa, T. and Joseph, S. and Kibatala, P. L and Lapita,n M. C. and Merry, A. F. and Moorthy, K. and Reznick, R. K. and Taylor, B. and Gawande, A. A. and {Safe Surgery Saves Lives Study Group}",
  title="A surgical safety checklist to reduce morbidity and mortality in a global population",
  journal={N Engl J Med.},
  year=2009,
  volume=360,
  number=5,
  pages="491--495"
}

@article{Pronovost2006,
  author="Pronovost, P. and Needham, D. and Berenholtz, S. and Sinopoli, D. and Chu, H. and Cosgrove, S. and Sexton, B. and Hyzy, R. and Welsh, R. and Roth, G. and Bander, J. and Kepros, J. and Goeschel, C.",
  title="An intervention to decrease catheter-related bloodstream infections in the {ICU}",
  journal={N Engl J Med},
  year=2006,
  volume=355,
  number=26,
  pages="2725--32"
}

@article{Libby2010,
  author="Libby, E. and Glass, L.",
  year=2010,
  title="The Calculus of Committee Composition",
  journal={PLoS ONE},
  volume=5,
  number=9,
  note="doi:10.1371/journal.pone.0012642"
}

@article{Stone2002,
  author="Stone, A. and Shiffman, S. and Schwartz, J. and Broderick, J. and Hufford, M.",
  year=2002,
  title="Patient non-compliance with paper diaries",
  journal={British Medical Journal},
  volume=324,
  number=7347, 
  pages="1193--1194",
  note="PMID: 12016186"
}

@article{Metzger2010,
  author="Metzger, B. E. and Gabbe, S. G. and Persson, B. and Buchanan, T.A. and Catalano, P. A. and Damm, P. and Dyer, A. R. and Leiva, A. and Hod, M. and Kitzmiler, J. L. and Lowe, L. P. and McIntyre, H. D. and Oats, J. J. and Omori, Y. and Schmidt, M. I.",
  title="International association of diabetes and pregnancy study groups recommendations on the diagnosis and classification of hyperglycemia in pregnancy",
  journal={Diabetes Care},
  year=2010,
  volume=33,
  number=3,
  pages="676--82"
}

@unpublished{Spring2009,
  year=2009,
  author="Spring, B.",
  title="{Make Better Choices 2 (MBC2) – Multiple Behavior Change in Diet and Activity, and ENGAGED: E-Networks Guiding Adherence To Goals for Exercise and Diet}"
}

@article{KyriacouYarnoldBelknap2007,
  author="Kyriacou, D. N. and Yarnold, P. R. and Stein, A. C. and Schmitt, B. P. and Soltysik, R. C. and Nelson, R. R. and Frerichs, R. R. and Noskin, G. A. and Belknap, S. M. and Bennett, C. L.",
  title="Discriminating inhalational anthrax from community-acquired pneumonia using chest radiograph findings and a clinical algorithm",
  journal={Chest.},
  year=2007,
  volume=131,
  number=2,
  pages="489--96"
}

@book{Yarnold2004,
  author="Yarnold, P. R. and Soltysik, R. C.",
  title="Optimal Data Analysis: A Guidebook With Software for Windows",
  publisher={APA Books, Washington, DC},
  year=2004
}

@article{Hall2008,
  author="Hall, P. A. and Coons, M. J. and Vallis, T. M.",
  title="Anxious Temperament and Disease Progression at Diagnosis: The Case of Type 2 Diabetes",
  journal={Psychosom Med},
  year=2008,
  volume=70,
  pages="837--843"
}

@article{Pirnejad2008,
  author="Habibollah Pirnejad and Zahra Niazkhani and Heleen van der Sijs and Marc Berg and Roland Bal",
  title="Impact of a computerized physician order entry system on nurse-physician collaboration in the medication process",
  volume=11,
  number=7,
  year=2008,
  journal={International Journal of Medical Informatics}
}

@article{GraumlichBelknap2000,
  title="Pharmaceutical Care of Postoperative Nausea and Vomiting: Balanced Scorecard for Outcomes",
  author="James F. Graumlich and Steven M. Belknap and Sue A. Bullard and Gerald A. Storm and Kathleen S. Brunsman and John A. Howerton",
  volume=20,
  number=11,
  year=2000,
  journal={Pharmacotherapy}
}

@article{Elsberry1978,
  author="Elsberry, V. A. and Paxinos, J. and Harris, L. M.",
  title="Preprinted physician’s order form for parenteral nutrient orders",
  journal={Am. J. Hosp. Pharm.},
  volume=35,
  year=1978
}

@article{Honda1979,
  author="Honda, D. H. and Jansen, J. R. and Minor, D. R. and Good, J. W.",
  title="Preprinted physician’s order form for intravenous cisplatin therapy",
  journal={Am. J. Hosp. Pharm},
  volume=36,
  pages="742--743",
  year=1979
}

@article{Kowalsky1982,
  author="Kowalsky, S. F. and Echols, R. M. and F. Peck Jr.",
  title="Preprinted order sheet to enhance antibiotic prescribing and surveillance",
  journal={Am. J. Hosp. Pharm.},
  volume=39,
  pages="1528--1529",
  year=1982
}

@article{Dranitsaris2001,
  author="Dranitsaris, G. and Leung, P. and Warr, D.",
  title="Implementing evidence based antiemetic guidelines in the oncology setting: results of a 4-month prospective intervention study",
  journal={Support. Care Cancer},
  volume=9,
  pages={611--618},
  year=2001
}

@article{Fonarow2007,
  author="Gregg C. Fonarow and William T. Abraham and Nancy M. Albert and Wendy Gattis Stough and Mihai Gheorghiade and Barry H. Greenberg and Christopher M. O'Connor and Karen Pieper and Jie Lena Sun and Clyde W. Yancy and James B. Young",
  title="Influence of a performance-improvement initiative on quality of care for patients hospitalized with heart failure: results of the Organized Program to Initiate Lifesaving Treatment in Hospitalized Patients With Heart Failure (OPTIMIZE-HF)",
  journal={Arch. Intern. Med.},
  volume= 167,
  pages="1493--1502",
  year=2007
}

@article{Girotti1990,
  author="Girotti, M. J. and Fodoruk, S. and Irvine-Meek, J. and Rotstein, O. D.",
  title="Antibiotic handbook and pre-printed perioperative order forms for surgical antibiotic prophylaxis: do they work?",
  journal={Can. J. Surg.},
  volume=33,
  pages="385--388",
  year=1990
}

@article{Aswapokee1992,
  author="Aswapokee, N. and Vaithayapichet, S. and Komoltri, C.",
  title="The failure of a preprinted order form to alter physicians’ antimicrobial prescribing pattern",
  journal={J. Med. Assoc. Thai.},
  volume=75,
  pages="223--230",
  year=1992
}
                  
@article{Cohen1992,
  author="Cohen, M. R. and Davis, N. M.",
  title="Developing safe and effective preprinted physician’s order forms",
  journal={Hosp. Pharm.},
  volume=27,
  year=1992
}

@techreport{Racket,
  title       = {Reference: Racket},
  author      = {Matthew Flatt and PLT},
  number      = {PLT-TR-2010-1},
  institution = {PLT Inc.},
  year        = {2010},
  note        = {\url{http://racket-lang.org/tr1/}}
}

@article{DrSchemeJFP,
   author="Robert Bruce Findler and John Clements and
           Cormac Flanagan and Matthew Flatt and
           Shriram Krishnamurthi and Paul Steckler and Matthias Felleisen",
   title="{DrScheme}: A Programming Environment for {Scheme}",
   volume=12,
   number=2,
   pages="159--182",
   month=mar,
   journal=jfp,
   year="2002"}

@book{Redex,
   author = "Matthias Felleisen and Robert Bruce Findler and Matthew Flatt",
   title = "Semantics Engineering with {PLT Redex}",
   year = "2009",
   publisher = "MIT Press"
}

@article{ web-server,
 title = "Implementation and Use of the {PLT} {S}cheme Web Server",
 author = "Shriram Krishnamurthi and Peter Walton Hopkins and Jay McCarthy and Paul T. Graunke and Greg Pettyjohn and Matthias Felleisen",
 journal = hosc,
 year = 2007,
 pages = "431--460",
 volume = "20",
 number = "4"
}

@inproceedings{mccarthy09,
 author = "Jay McCarthy",
 title = "Automatically {REST}ful Web Applications Or, Marking Modular Serializable Continuations",
 booktitle = icfp,
 year = "2009"
}

@inproceedings{mccarthy10,
 author = "Jay McCarthy",
 title = "The Two-State Solution: Native and Serializable Continuations Accord",
 booktitle = oopsla,
 year = 2010
}

@InProceedings{Slideshow,
  author = "Robert Bruce Findler and Matthew Flatt",
  title = "Slideshow: Functional Presentations",
  booktitle = icfp,
  month = sep,
  year = "2004",
  pages = "224--235"
}


@InProceedings{Scribble,
  author = "Matthew Flatt and Eli Barzilay and Robert Bruce Findler",
  title = "Scribble: Closing the Book on Ad Hoc Documentation Tools",
  booktitle = icfp,
  year = "2009",
  pages = "109--120"
}

@inproceedings{Margave,
  author = "Kathi Fisler and Shriram Krishnamurthi and Leo A. Meyerovich and Michael Carl Tschantz",
  title = "Verification and Change-Impact Analysis of Access-Control Policies",
  booktitle = "Proc. International Conference on Software Engineering",
  year = "2005"
}

@inproceedings{TypedRacket,
  author = "Sam Tobin-Hochstadt and Matthias Felleisen",
  title = "The Design and Implementation of {Typed Scheme}",
  booktitle = popl,
  pages = "395--406",
  year = "2008"
}

@book{R6RS,
  author =       "Michael Sperber and R. Kent Dybvig and Matthew Flatt and Anton van Straaten and Robert Bruce Findler and Jacob Matthews",
  title =        "The Rev\-ised$^{\textit{\scriptsize{} 6}}$ Report on the Algorithmic Language {S}cheme",
  year =         2009,
  publisher =    "Cambridge University Press"
}
                  
@article{Weingarten1997,
  author="Weingarten, S.",
  title="Practice guidelines and prediction rules should be subject to careful clinical testing",
  journal={JAMA},
  volume=277,
  pages="1977--1978",
  year=1997
}

@article{Shekelle2001,
 author="Paul G. Shekelle and Eduardo Ortiz and Shannon Rhodes and Sally C. Morton and Martin P. Eccles and Jeremy M. Grimshaw and Steven H. Woolf",
 title="Validity of the Agency for Healthcare Research and Quality clinical practice guidelines: how quickly do guidelines become outdated?",
 journal={JAMA},
 volume=286,
 number=12,
 pages="1461--1467",
 year=2001
}

@article{Cabana1999,
  author="Michael D. Cabana and Cynthia S. Rand and Neil R. Powe and Albert W. Wu and Modena H. Wilson and Paul-Andr\'{e} C. Abboud and Haya R. Rubin",
  title="Why don’t physicians follow clinical practice guidelines? {A} framework for improvement.",
  journal={JAMA},
  volume=282,
  number=15,
  pages="1458--1465",
  year=1999
}
 
@article{mfgkf:asej2004,
 author = {Jacob Matthews and Robert Bruce Findler and Paul Graunke and Shriram Krishnamurthi and Matthias Felleisen},
 title = {Automatically Restructuring Programs for the Web},
 journal = {Automated Software Eng.},
 volume = {11},
 number = {4},
 year = {2004},
 issn = {0928-8910},
 pages = {337--364},
 doi = {http://dx.doi.org/10.1023/B:AUSE.0000038936.09009.69},
 publisher = {Kluwer Academic Publishers},
 }


@PhDThesis{Owens-thesis,
  author = "Scott Owens",
  title = "Compile-time Information in Software Components",
  school = "University of Utah",
  year = "2007"
}

@PhDThesis{Gray-thesis,
  author = "Kathryn Gray",
  title = "Towards Customizable Pedagogic Programming Languages",
  school = "University of Utah",
  year = "2006"
}

@InProceedings{OwensUnits,
 author = "Scott Owens and Matthew Flatt",
 title = "From Structures and Functors to Modules and Units",
 booktitle = icfp,
 year = 2006,
 pages = "87--98"
}

@InProceedings{MacroUnits,
 author = "Ryan Culpepper and Scott Owens and Matthew Flatt",
 title = "Syntactic Abstraction in Component Interfaces",
 booktitle = gpce,
 pages = "373--388",
 year = 2005
}

@inproceedings{JavaToScheme,
 author = "Kathryn E. Gray and Matthew Flatt",
 title = "Compiling {Java} to {PLT Scheme}",
 booktitle = schemew,
 year = 2004
}


@inproceedings{fff:scheme-classes-mixins-traits,
  title="Scheme with Classes, Mixins, and Traits",
  year=2006,
  pages="270--289",
  booktitle=aplas,
  author="Matthew Flatt and Robert Bruce Findler and Matthias Felleisen"
}

@article{vanRosse2009,
  title="The Effect of Computerized Physician Order Entry on Medication Prescription Errors and Clinical Outcome in Pediatric and Intensive Care: A Systematic Review",
  author="Floor van Rosse and Barbara Maat and Carin M. A. Rademaker and Adrianus J. van Vught and Antoine C. G. Egberts and Casper W. Bollen",
  year=2009,
  journal={Pediatrics},
  volume=123,
  pages="1184--1190"
}

@article{hapo,
  author={HAPO Study Cooperative Research Group},
  title="The Hyperglycemia and Adverse Pregnancy Outcome (HAPO) Study",
  journal={Intl J Gynecol Obstet},
  volume=78,
  pages="69--77",
  year=2002
}

@unpublished{45cfr46,
  author="{Department of Health and Human Services}",
  title="TITLE 45: PUBLIC WELFARE: PART 46: PROTECTION OF HUMAN SUBJECTS",
  year=2009,
  date="July 14, 2009",
  note="\url{http://www.hhs.gov/ohrp/humansubjects/guidance/45cfr46.htm}"
}

@article{Landrigan2010,
  title="Temporal Trends in Rates of Patient Harm Resulting from Medical Care",
  author="Christopher P. Landrigan and Gareth J. Parry and Catherine B. Bones and Andrew D. Hackbarth and Donald A. Goldmann and Paul J. Sharek",
  journal={N Engl J Med},
  year=2010,
  volume=363,
  pages="2124--2134"
}

@article{health-requirements-engineering,
  title="Standardize order sets for improved care",
  journal="Health Management Technology",
  url="http://www.healthmgttech.com/index.php/solutions/electronic-medical-records/standardize-order-sets-for-improved-care.html",
  author="{Health Management Technology}",
  year=2010,
  month=feb
}

@book{Kohn1999,
  editor="Kohn, L. T. and Corrigan, J. M. and Donaldson, M. D.",
  title="To err is human: building a safer health system",
  year=1999,
  publisher="National Academies Press"
}

@article{Wouden2007,
  title="Survey among 78 studies showed that {Lasagna's} law holds in {Dutch} primary care research",
  author="Johannes C. van der Wouden and Annette H. Blankensteinb and Marcus J. H. Huibersc and Danielle A. W. M. van der Windtb and Wim A. B. Stalmanb and Arianne P. Verhagena",
  year=2007,
  journal={Journal of Clinical Epidemiology},
  volume=60,
  pages="819--824"
}

@article{bates-et-al-1997,
  author="Bates, D. W. and Spell, N. and Cullen, D. J. and Burdick, E. and Laird, N. and Petersen, L. A. and Small, S. D. and Sweitzer, B. J. and Leape, L.",
  year=1997,
  title="The costs of adverse drug events in hospitalized patients",
  journal="Journal of the American Medical Association",
  volume=277,
  number=4,
  pages="307--311"
}

@book{preventing-medical-errors,
  title="Preventing Medication Errors: Quality Chasm Series",
  author="{Committee on Identifying and Preventing Medication Errors}",
  publisher="National Academies Press",
  year=2007
}

@article{Langer2006,
  author="Langer O.",
  year=2006,
  title="Management of gestational diabetes: pharmacologic treatment options and glycemic control",
  journal="Endocrinol Metab Clin North Am",
  volume=35,
  pages="53--78"
}

@article{Metzger2007,
  author="Metzger B. E. and Buchanan T. A. and Coustan D. R. and de Leiva A. and Dunger D. B. and Hadden D. R. and Hod M. and Kitzmiller J. L. and Kjos S. L. and Oats J. N. and Pettitt D. J. and Sacks D. A. and Zoupas C.",
  title="Summary and recommendations of the Fifth International Workshop-Conference on Gestational Diabetes Mellitus",
  journal="Diabetes care",
  year=2007,
  note="PMID: 17596481"
}

@article{Metzger2008,
  author="Metzger B.E. and Lowe L. P. and Dyer A. R. and Trimble E. R. and Chaovarindr U. and Coustan D. R. and Hadden D. R. and McCance D. R. and Hod M. and McIntyre H. D. and Oats J. J. and Persson B. and Rogers M. S. and Sacks D. A.",
  title="Hyperglycemia and adverse pregnancy outcomes",
  journal="N Engl J Med.",
  year=2008,
  volume=358,
  number=19,
  note="PMID: 18463375"
}

@article{Persson2009,
  author="Persson M. and Winkvist A. and Mogren I.",
  title="Surprisingly low compliance to local guidelines for risk factor based screening for gestational diabetes mellitus {---} A population-based study",
  journal="BMC Pregnancy Childbirth",
  year=2009,
  volume=9,
  number=53,
  note="PMCID: PMC2784436"
}


@article{Crowther2005,
  author="Crowther C. A. and Hiller J. E. and Moss J. R. and McPhee A. J. and Jeffries W. S. and Robinson J. S.",
  year=2005,
  title="Effect of treatment of gestational diabetes mellitus on pregnancy outcomes",
  journal="N Engl J Med",
  volume=352,
  note="PMID: 15951574"
}

@article{Langer2005,
  author="Langer O. and Yogev Y. and Most O. and Xenakis E. M.",
  year=2005,
  title="Gestational diabetes: the consequences of not treating",
  journal="Am J Obstet Gynecol",
  volume= 192,
  note="PMID: 15846171"
}

@article{LandonPeaceman2009,
  author="Landon M. B. and Spong C. Y. and Thom E. and Carpenter M. W. and Ramin S. M. and Casey B. and Wapner R. J. and Varner M. W. and Rouse D. J. and Thorp J. M. Jr. and Peaceman A.",
  year=2009,
  title="A multicenter, randomized trial of treatment for mild gestational diabetes",
  journal="N Engl J Med",
  volume=361,
  note="PMCID: PMC2804874"
}

@inproceedings{itasks,
  author="Jan Martin Jansen and Rinus Plasmeijer and Pieter Koopman and Peter Achten",
  title="Embedding a Web-Based Workflow Management System in a Functional Language -- Experience paper",
  booktitle="Workshop on Language Descriptions, Tools and Applications (LDTA)",
  year="2010"
}

@InProceedings{Atkinson-ABI,
 author = "Kevin Atkinson and Matthew Flatt and Gary Lindstrom",
 title = "Using Macros to Address ABI Compatibility",
 booktitle = gpce,
 year = 2010
}

@InProceedings{Atkinson-SW,
 author = "Kevin Atkinson and Matthew Flatt",
 title = "Adapting Scheme-Like Macros to a C-Like Language",
 booktitle = "Proc. Workshop on Scheme and Functional Programming",
 year = 2011
}

@InProceedings{St-Amour-numeric,
 author = "Vincent St-Amour and Sam Tobin-Hochstadt and Matthew Flatt and Matthias Felleisen",
 title = "Typing the Numeric Tower",
 booktitle = "Proc. Practical Applications of Declarative Languages",
 year = 2012
}

@InProceedings{Tobin-Hochstadt-langs,
 author = "Sam Tobin-Hochstadt and Vincent St-Amour and Ryan Culpepper and Matthew Flatt and Matthias Felleisen",
 title = "Languages as Libraries",
 booktitle = pldi,
 year = 2011
}

@book{fffk:how-to-design-programs,
 author = "Matthias Felleisen and Robert Bruce Findler and Matthew Flatt and Shriram Krishnamurthi",
 title = "How to {D}esign {P}rograms",
 publisher = "{MIT} Press",
 year = 2001,
 note = "\url{http://www.htdp.org/}"
}

